<record><leader>00000cas a22000007a 4500</leader><controlfield tag="001">11793729</controlfield><controlfield tag="008">850312c19639999inudn ne      0    0eng d</controlfield><datafield ind1=" " ind2=" " tag="010"><subfield code="a">sn 85047714 </subfield></datafield><datafield ind1=" " ind2=" " tag="040"><subfield code="a">NPI</subfield><subfield code="b">eng</subfield><subfield code="c">NPI</subfield><subfield code="d">OCLCQ</subfield><subfield code="d">P4I</subfield><subfield code="d">OCLCF</subfield><subfield code="d">OCLCO</subfield></datafield><datafield ind1=" " ind2=" " tag="042"><subfield code="a">msc</subfield></datafield><datafield ind1="0" ind2=" " tag="130"><subfield code="a">Daily journal (Franklin, Ind.)</subfield></datafield><datafield ind1="1" ind2="4" tag="245"><subfield code="a">The daily journal.</subfield></datafield><datafield ind1=" " ind2=" " tag="260"><subfield code="a">Franklin, Ind. :</subfield><subfield code="b">Scott Alexander,</subfield><subfield code="c">1963-</subfield></datafield><datafield ind1=" " ind2=" " tag="300"><subfield code="a">v. :</subfield><subfield code="b">ill. ;</subfield><subfield code="c">58 cm.</subfield></datafield><datafield ind1=" " ind2=" " tag="310"><subfield code="a">Daily</subfield></datafield><datafield ind1="0" ind2=" " tag="362"><subfield code="a">Vol. 1, no. 1 (July 22, 1963)-</subfield></datafield><datafield ind1=" " ind2=" " tag="500"><subfield code="a">"Serving Johnson County and vicinity."</subfield></datafield><datafield ind1=" " ind2=" " tag="500"><subfield code="a">Robert N. Brown was the first publisher.</subfield></datafield><datafield ind1=" " ind2=" " tag="500"><subfield code="a">Absorbed "The Franklin evening star" on Dec. 13, 1965.</subfield></datafield><datafield ind1=" " ind2=" " tag="500"><subfield code="a">Includes special supplement: "Johnson County sesquicentennial, 1823-1973" published on Mar. 6, 1973.</subfield></datafield><datafield ind1=" " ind2="0" tag="651"><subfield code="a">Franklin (Johnson County, Ind.)</subfield><subfield code="v">Newspapers.</subfield></datafield><datafield ind1=" " ind2="7" tag="655"><subfield code="a">Newspapers.</subfield><subfield code="2">fast</subfield><subfield code="0">(OCoLC)fst01423814</subfield></datafield><datafield ind1=" " ind2="7" tag="651"><subfield code="a">Indiana</subfield><subfield code="z">Franklin (Johnson County)</subfield><subfield code="2">fast</subfield><subfield code="0">(OCoLC)fst01312873</subfield></datafield><datafield ind1=" " ind2=" " tag="752"><subfield code="a">United States</subfield><subfield code="b">Indiana</subfield><subfield code="c">Johnson</subfield><subfield code="d">Franklin.</subfield></datafield><datafield ind1="1" ind2="5" tag="780"><subfield code="t">Franklin evening star</subfield><subfield code="w">(DLC)sn 85047713</subfield></datafield></record>